@article{sofian2022systematic,
  title={Systematic mapping: Artificial intelligence techniques in software engineering},
  author={Sofian, Hazrina and Yunus, Nur Arzilawati Md and Ahmad, Rodina},
  journal={IEEE Access},
  volume={10},
  pages={51021--51040},
  year={2022},
  publisher={IEEE}
}



@article{alhoshan2023zero,
  title={Zero-shot learning for requirements classification: An exploratory study},
  author={Alhoshan, Waad and Ferrari, Alessio and Zhao, Liping},
  journal={Information and Software Technology},
  volume={159},
  pages={107202},
  year={2023},
  publisher={Elsevier}
}


@book{Sommerville2007,
author = {Sommerville, Ian},
title = {Software Engineering},
year = {2007},
isbn = {978-0-321-31379-9, 0-321-31379-8},
edition = {9th},
publisher = {Addison-Wesley Publishing Company},
address = {USA},
}

@book{young2004requirements,
  title={The requirements engineering handbook},
  author={Young, Ralph Rowland},
  year={2004},
  publisher={Artech House}
}

@article{urquhart1999themes,
  title={Themes in early requirements gathering: The case of the analyst, the client and the student assistance scheme},
  author={Urquhart, Cathy},
  journal={Information Technology \& People},
  volume={12},
  number={1},
  pages={44--70},
  year={1999},
  publisher={MCB UP Ltd}
}